<?xml version="1.0" encoding="UTF-8"?><collection xmlns="http://www.loc.gov/MARC21/slim"><record><leader>00605nam--2200205-u-4500</leader><controlfield tag="001">000051331</controlfield><controlfield tag="002">20161230</controlfield><controlfield tag="005">20161230201049</controlfield><controlfield tag="008">080623s1000------------r-----000-0-eng-d</controlfield><datafield ind1=" " ind2=" " tag="020"><subfield code="a">1-59033-013-7</subfield></datafield><datafield ind1=" " ind2=" " tag="040"><subfield code="a">IFIN-HH</subfield></datafield><datafield ind1=" " ind2=" " tag="080"><subfield code="a">530.145:517.43</subfield></datafield><datafield ind1="1" ind2=" " tag="100"><subfield code="a">Mostafazadeh,A</subfield></datafield><datafield ind1="1" ind2="0" tag="245"><subfield code="a">Dynamical Invariants, Adiabatic Appsroximation and the Geometric Phase</subfield><subfield code="c">Ali Mostafazadeh</subfield></datafield><datafield ind1=" " ind2=" " tag="260"><subfield code="a">New York</subfield><subfield code="b">Nova Science Publishing Inc</subfield><subfield code="c">2002</subfield></datafield><datafield ind1=" " ind2=" " tag="300"><subfield code="a">258 p</subfield></datafield><datafield ind1=" " ind2=" " tag="504"><subfield code="a">Includes Bibliography and Index</subfield></datafield><datafield ind1=" " ind2="4" tag="650"><subfield code="a">Dynamical Invariants</subfield></datafield><datafield ind1=" " ind2=" " tag="852"><subfield code="a">82095</subfield><subfield code="c">530.14</subfield></datafield><datafield ind1=" " ind2=" " tag="CAT"><subfield code="a">Sys</subfield><subfield code="c">20110329</subfield><subfield code="h">142638</subfield></datafield></record></collection>